<?xml version="1.0" encoding="UTF-8"?><collection xmlns="http://www.loc.gov/MARC21/slim"><record><leader>00515nam--2200193-i-4500</leader><controlfield tag="001">000047246</controlfield><controlfield tag="002">20161230</controlfield><controlfield tag="005">20161230201046</controlfield><controlfield tag="008">060222s1000------------r-----000-0-ger-d</controlfield><datafield ind1=" " ind2=" " tag="040"><subfield code="a">IFIN-HH</subfield></datafield><datafield ind1=" " ind2=" " tag="041"><subfield code="a">geR</subfield></datafield><datafield ind1=" " ind2=" " tag="080"><subfield code="a">541.28(083)</subfield></datafield><datafield ind1="1" ind2=" " tag="100"><subfield code="a">Seelmann-Eggebert, W</subfield></datafield><datafield ind1="1" ind2="0" tag="245"><subfield code="a">Radionuklid-tabellen</subfield><subfield code="c">W. seelmann-eggebert, g. pfennig</subfield></datafield><datafield ind1=" " ind2=" " tag="260"><subfield code="a">Wurzburg</subfield><subfield code="b">Frankishe Gesellschaftsdruckerei Gmbh</subfield><subfield code="c">1964</subfield></datafield><datafield ind1=" " ind2=" " tag="300"><subfield code="a">79P</subfield></datafield><datafield ind1="1" ind2=" " tag="700"><subfield code="a">Pfennig, G</subfield></datafield><datafield ind1=" " ind2=" " tag="852"><subfield code="a">20486</subfield><subfield code="c">539.163</subfield></datafield><datafield ind1=" " ind2=" " tag="CAT"><subfield code="a">Sys</subfield><subfield code="c">20120516</subfield><subfield code="h">164141</subfield></datafield></record></collection>